@misc{romano2023modeling,
      title={Modeling the chemical enrichment history of the Bulge Fossil Fragment Terzan 5}, 
      author={Donatella Romano and Francesco R. Ferraro and Livia Origlia and Simon Portegies Zwart and Barbara Lanzoni and Chiara Crociati and Davide Massari and Emanuele Dalessandro and Alessio Mucciarelli and R. Michael Rich and Francesco Calura and Francesca Matteucci},
      year={2023},
      eprint={2305.15355},
      archivePrefix={arXiv},
      primaryClass={astro-ph.GA},
      url={https://arxiv.org/abs/2305.15355},
      doi={10.48550/arXiv.2305.15355},
}
